@book{Gamma.2011,
 author = {Gamma, E. and Johnson, R. and Helm, R. and Vlissides, J.},
 year = {2011},
 title = {Entwurfsmuster: Elemente wiederverwendbarer objektorientierter Software},
 publisher = {{Pearson Deutschland}},
 series = {Programmer's choice}
}

@book{Shenoy.2014,
 author = {Shenoy, A.},
 year = {2014},
 title = {Hadoop Explained},
 pages = 22,
 url = {https://books.google.de/books?id=mAeuCAAAQBAJ},
 publisher = {{Packt Publishing Ltd}},
 isbn = {9781783552641}
}

@online{hdfsFailure,
	author = {Apache Software Foundation},
	title = {{Apache Hadoop} Hardware Failure},
	year = 2021,
	url = {https://hadoop.apache.org/docs/stable/hadoop-project-dist/hadoop-hdfs/HdfsDesign.html#Hardware_Failure},
	urldate = {2021-07-21}
}

@online{hdfsArchitecture,
	author = {Apache Software Foundation},
	title = {{Apache Hadoop} HDFS Architecture},
	year = 2021,
	url = {https://hadoop.apache.org/docs/stable/hadoop-project-dist/hadoop-hdfs/HdfsDesign.html},
	urldate = {2021-07-21}
}

@online{movingComputation,
	author = {Apache Software Foundation},
	title = {{Apache Hadoop} “Moving Computation is Cheaper than Moving Data”},
	year = 2021,
	url = {https://hadoop.apache.org/docs/stable/hadoop-project-dist/hadoop-hdfs/HdfsDesign.html#a.E2.80.9CMoving_Computation_is_Cheaper_than_Moving_Data.E2.80.9D},
	urldate = {2021-07-21}
}

